@book{Rybicka_latex,
publisher = {Konvoj},
isbn = {80-7302-049-1},
year = {2003},
title = {Latex pro začátečníky},
edition = {3. vydání},
language = {cze},
address = {Brno},
author = {Rybička, Jiří},
keywords = {programovací jazyky; LaTeX (software); jazyk LATEX; sazba textu},
}

@book{Helmut_latex,
series = {Addison-Wesley series on tools and techniques for computer typesetting},
publisher = {Addison-Wesley},
isbn = {0-321-17385-6},
year = {2004},
title = {Guide to LaTeX},
edition = {4th ed.},
language = {eng},
address = {Boston},
author = {Kopka, Helmut},
keywords = {software; LaTeX (software); diskrétní matematika; LATEX; informatika; programování},
}

@article{Dyslexie,
abstract = {“Computers have rendered us all gods of type, a privilege we could never have anticipated in the age of the typewriter.” Simon Garfield states this in his book Just My Type: A Book About Fonts. The fact that one can scroll through the pull-down typeface menu on any word processor and choose any style, made us much more familiar with typefaces and this led to us having favourite ones and ridiculing others. Helvetica for instance, is generally perceived as a typeface loved by hipsters and lazy designers. It even has its own documentary. Comic sans, another well known typeface, is an often ridiculed because of its informal character. It is said that it should never be used unless you write for children under age 10 and some people want banned all together. Typefaces, in other words, evoke some strong feelings. Garfields book is aimed at a general audience and not specifically at an academic audience and was well received, showing that there is an interest in typography among the general public. There has been some scientific research on how different typefaces shape our experience of reading too and it has become a commonplace in the design and communications field that different typefaces have different connotations and therefore have some kind of power. In this essay the proclaimed power of typefaces is explored by using the example of a recently developed typeface, Dyslexie. This is a typeface that should help people with a reading disorder read faster and with less errors. First, the main features of a typeface will be given. After that, a closer look will be taken at the Dyslexie typeface. Its main features will be discussed and research about the Dyslexie typeface will be examined to, in the end, make clear what the power of Dyslexie is.},
journal = {TXT},
pages = {56--59},
volume = {2016},
publisher = {Academic Press Leiden, Elsevier},
number = {1},
year = {2016},
title = {The power of typefaces: Dyslexie},
copyright = {open access},
language = {eng},
author = {Meindertsma, J.},
keywords = {Dyslexia ; Fonts ; Typography},
url = {https://hdl.handle.net/1887/42728},
urldate = {2024-04-17}
}

@article{Twelve_golden_rules,
issn = {1350-9829},
journal = {Print week},
pages = {25},
publisher = {Mark Allen Group},
year = {2011},
title = {Wayzgoose Typography: Twelve golden rules for setting perfect type},
copyright = {COPYRIGHT 2011 Mark Allen Group},
language = {eng},
keywords = {Layout ; Printing Practical},
url = {https://search-ebscohost-com.ezproxy.lib.vutbr.cz/login.aspx?direct=true&db=bth&AN=61070406&lang=cs&site=ehost-live},
urldate = {2024-04-17}
}

@thesis{Lukes_diploma,
abstract = {Diplomová práce se zabývá typografickými možnostmi současných textových editorů. Navazuje na předchozí bakalářskou práci, rozšiřuje ji a je zaměřena na více typografických pravidel. V první části této práce jsou shrnuta základní typografická pravidla nutná pro správně vysázený (zejména odborný) text a dále je zkoumána podpora typografických a pravopisných pravidel v aktuálních běžně dostupných textových editorech: Microsoft Word, LibreOffice Writer a Dokumenty Google. Editory jsou srovnávány s možnostmi profesionálního sázecího systému TEX s použitím formátu LATEX. V druhé části práce je popis tvorby šablon pro závěrečné práce studentů Univerzity Pardubice. Výstupem diplomové práce jsou vytvořené šablony na bakalářskou, diplomovou a disertační práci v sázecím systému LATEX, dále v editoru Word od firmy Microsoft a Writer z balíku LibreOffice, a to pro všechny fakulty Univerzity. V závěru je vyhodnocení vhodnosti textových editorů z hlediska podpory pravopisných a typografických pravidel.
This diploma thesis deals with typographical possibilities of contemporary text editors. This work builds on the previous bachelor thesis, extends it and focuses on more typographical rules. The first part of this work summarizes the basic typographical rules necessary for the correct layout (especially technical) text and the support of typographic and spelling rules in the current commonly available text editors: Microsoft Word, LibreOffice Writer and Google Docs. The editors are compared to the professional typesetting system, namely TEX using the LATEX format. The second part of the thesis is the description of the creation of templates for the final works of students of the University of Pardubice. The output of this thesis are templates for bachelor, diploma and dissertation thesis for the LATEX system, the Word editor from Microsoft and Writer from the LibreOffice package, for all faculties of the University. In the conclusion, the suitability of text editors is evaluated with regard to support of spelling and typographical rules.
Fakulta elektrotechniky a informatiky
Tématem práce byla základní typografická pravidla tvorby odborného textu, úroveň podpory těchto pravidel vybranými textovými procesory a vypracování šablon pro vytváření závěrečných prací na UPa v návaznosti na výše zmíněná typografická pravidla a v souladu se směrnicí 9/2012 Univerzity Pardubice. V práci byly využity znalosti z předmětu Elektronická příprava dokumentů z navazujícího magisterského studia. Dále byly v práci částečně využity znalosti programování, zejména při vytváření šablon systému LATEXa programování maker.
Diplomová práce byla zkontrolována v systému IS STAG a byla vyhodnocena jako původní. Nejedná se tedy o plagiát.},
publisher = {Univerzita Pardubice},
year = {2018},
title = {Úroveň podpory typografie v současných kancelářských editorech},
copyright = {Bez omezení},
language = {cze},
author = {Lukeš, Lubomír},
keywords = {Dokumenty Google ; Google Docs ; LATEX ; Office ; TEX ; typografie ; typography ; Word ; Writer},
url = {https://theses.cz/id/ouevg0/},
urldate={2024-04-17}
}


@article{Oppenheimer_hard_fonts,
issn = {0017-8012},
abstract = {In an interview, Daniel Oppenheimer, associate professor of psychology and public affairs at Princeton University and author of Democracy Despite Itself, discusses his research finding that people recall what they've read better when it's printed in smaller, less legible type. He says that when people first hear about this work, they're surprised. The findings are counterintuitive. Why should making something harder to read make it easier to remember? But the findings are more intuitive if you reframe them. For instance, we've all skimmed through text, got to the end, and realized we didn't process the information very well. Making text harder to skim prevents that from happening. So it's not terribly surprising that causing people to slow down and read more carefully improves their recall. Of course, we don't want to make material so hard to read that people can't understand it. There's a happy medium here.},
journal = {Harvard business review},
pages = {32--33},
volume = {90},
publisher = {Harvard Business School Publishing Corporation},
number = {3},
year = {2012},
title = {Hard-to-read fonts promote better recall},
copyright = {Copyright 2018 Elsevier B.V., All rights reserved.},
language = {eng},
address = {WATERTOWN},
author = {Oppenheimer, Daniel},
url = {https://search-ebscohost-com.ezproxy.lib.vutbr.cz/login.aspx?direct=true&db=bth&AN=71883869&lang=cs&site=ehost-live},
urldate = {2024-04-17},
keywords = {Business ; Business & Economics ; Cognition & reasoning ; Humans ; Management ; Memory ; Oppenheimer Daniel ; Reading ; Reading comprehension ; Social Sciences},
}

@thesis{Sladovnikova_bakalar,
abstract = {Bachelor thesis focuses on how we perceive various fonts. There are described the definition of font, the most important terms related to writings, its anatomy, evolution and classification in the theoretical part. Afterwards the bachelor thesis focuses on, what people associate with various fonts and if fonts can evoke emotions. One chapter describes famous logos and their usage of fonts. In practical part I have made a questionnaire, of which aim is to confirm or disprove assumptions, which are based on the theoretical part. There are 6 fonts chosen, each representing a type of fonts, and respondents wrote what words or feelings they associate with those 6 writings. Afterwards there are written results of the questionnaire for each writing. The aim of bachelor thesis is to find out, how people perceive fonts, because nowadays it is important to create a great product design, choose the right font for a website or article, otherwise companies can drive away their target group of clients.
Bakalářská práce se zaměřuje na vnímání písma z hlediska asociací a emocí. V teoretické části je popsáno písmo, nejdůležitější pojmy pojící se s písmem, jeho anatomie, vývoj a klasifikace či rozdělení písma. Následně popisuje emoce a asociace, které si lidé spojují s určitými typy písma, včetně zamyšlení nad používání fontů v logách a významu řezu písma. V praktické části je sestaven dotazník, jehož cílem je ověřit nebo vyvrátit poznatky z teoretické části. Je sestaven z několika částí, kde respondenti hodnotí a popisují šest druhů písma, kdy každé písmo reprezentuje určitou skupinu. Poté bakalářská práce vyhodnocuje výsledky a pro každou část jsou sepsány nejdůležitější poznatky, které vyvrací nebo potvrzují domněnky a předpoklady vycházející z teorie. Cílem bakalářské práce je zjistit, jak lidé vnímají různé druhy písma z hlediska asociací a emocí, protože výběr správného fontu může ovlivnit reklamu, psaný text a celkově, jak je grafika nebo tisk vnímán.},
publisher = {Vysoká škola ekonomická v Praze},
year = {2021},
title = {Jaké emoce a asociace vyvolávají různé druhy písma},
copyright = {Vysokoškolské kvalifikační práce obhájené na VŠE jsou veřejně dostupné online. https://knihovna.vse.cz/navody/vskp Theses and disertations defended at University of Economics, Prague are freely available online. https://knihovna.vse.cz/navody/vskp},
language = {cze},
author = {Sladovníková, Eliška},
keywords = {asociace ; associations ; emoce ; emotions ; písmo ; typografie ; typography ; writing},
url = {https://primo.lib.vutbr.cz/permalink/f/qekdml/TN_cdi_vse_theses_oai_vse_cz_vskp_83380},
urldate = {2024-04-17}
}

@inproceedings{DSET,
issn = {0302-9743},
volume = {13649},
publisher = {Springer Nature Switzerland},
isbn = {9783031212123},
title = {De\-pen\-dab\-le SW En\-gi\-ne\-e\-ring. The\-ories, To\-ols, and App\-li\-ca\-ti\-ons: 8th In\-ter\-na\-ti\-onal Sym\-po\-sium, SETTA 2022, Beijing, China, October 27-29, 2022, Proceedings},
copyright = {The Editor(s) (if applicable) and The Author(s), under exclusive license to Springer Nature Switzerland AG 2022},
language = {eng},
address = {Cham},
pages = {124-141},
urldate = {2024-04-17},
keywords = {Computer Science ; Software Engineering/Programming and Operating Systems},
url = {https://link-springer-com.ezproxy.lib.vutbr.cz/book/10.1007/978-3-031-21213-0}
}

@Online{Found_latex,
  author       = {Found, Jimmy},
  title        = {LaTeX 1. – Co to je a proč se ho chtít učit?},
  date = {2013-08-21},
  urldate = {2024-04-17},
  language = {cze},
  url          = {http://programujte.com/clanek/2013080500-latex-1-co-to-je-a-proc-se-ho-chtit-ucit/},
}

@Online{Brno_bold_typo,
  title        = {Konference o písmu a typografii Brno Bold Typo 2024},
  date = {2024-04-16},
  urldate = {2024-04-17},
  language = {cze},
  url          = {https://www.designportal.cz/konference-o-pismu-a-typografii-brno-bold-typo-2024/},
}

@Online{Fiverr,
  title        = {Fiverr Declares Montserrat 2024 'Font of the Year'},
  date = {2023-12-07},
  urldate = {2024-04-17},
  language = {eng},
  url          = {https://www.globenewswire.com/en/news-release/2023/12/07/2792435/0/en/Fiverr-Declares-Montserrat-2024-Font-of-the-Year.html},
}


